
@book{domingos2015master,
  title={The master algorithm: How the quest for the ultimate learning machine will remake our world},
  author={Domingos, Pedro},
  year={2015},
  publisher={Basic Books}
}

@article{sculley2015hidden,
  title={Hidden technical debt in machine learning systems},
  author={Sculley, David and Holt, Gary and Golovin, Daniel and Davydov, Eugene and Phillips, Todd and Ebner, Dietmar and Chaudhary, Vinay and Young, Michael and Crespo, Jean-Francois and Dennison, Dan},
  journal={Advances in neural information processing systems},
  volume={28},
  year={2015}
}
